@article{bierwirth19991,
  title={Production scheduling and rescheduling with genetic algorithms},
  author={Bierwirth, Christian and Mattfeld, Dirk C},
  journal={Evolutionary computation},
  volume={7},
  number={1},
  pages={1--17},
  year={1999},
  publisher={MIT Press}
}

@article{jian19972,
	title={Rolling scheduling strategy based on genetic algorithm},
	author={Jian Fang and Yugeng Xi},
	journal={Control theory and applications},
	volume={14},
	number={4},
	pages={589--594},
	year={1997}
}

@article{raman19933,
	title={The job shop tardiness problem: A decomposition approach},
	author={Raman, Narayan and Talbot, F Brian},
	journal={European Journal of Operational Research},
	volume={69},
	number={2},
	pages={187--199},
	year={1993},
	publisher={Elsevier}
}

@article{cheng1999tutorial4,
	title={A tutorial survey of job-shop scheduling problems using genetic algorithms, part II: hybrid genetic search strategies},
	author={Cheng, Runwei and Gen, Mitsuo and Tsujimura, Yasuhiro},
	journal={Computers \& Industrial Engineering},
	volume={36},
	number={2},
	pages={343--364},
	year={1999},
	publisher={Elsevier}
}

@article{wang2001effective5,
	title={An effective hybrid optimization strategy for job-shop scheduling problems},
	author={Wang, Ling and Zheng, Da-Zhong},
	journal={Computers \& Operations Research},
	volume={28},
	number={6},
	pages={585--596},
	year={2001},
	publisher={Elsevier}
}


@article{zhang6,
	title={An improved genetic algorithm for solving job shop scheduling problems},
	author={Chaoyong Zhang, Yuqing Rao and Peigen Li},
	journal={Computer integrated manufacturing systems},
	volume={10},
	number={8},
	pages={966-970},
	year={2004}
}