@book{c1,
title={Military Logistics System Model and Application},
author={Dali, Jiang Feng, Wang and Jianfang, Zhang},
publisher={China Materials Publishing House},
year={2006}
}

@article{c2,
	title={New stochastic models for capacitated location-allocation problem},
	author={Zhou, Jian and Liu, Baoding},
	journal={Computers \& industrial engineering},
	volume={45},
	number={1},
	pages={111--125},
	year={2003},
	publisher={Elsevier}
}

@article{c3,
	title={Selection of Distribution Center's Location Based on Genetic Algorithm},
	author={Jian, Wu and Zhongke, Shi},
	year={2004},
	journal={Journal of South China University of Technology},
	volume={32},
	number={6},
	pages={71-74}
}

@inproceedings{c4,
	title={A monogenous MBO approach to satisfiability},
	author={Abbass, Hussein A},
	booktitle={Proceeding of the international conference on computational intelligence for modelling, control and automation, CIMCA},
	year={2001}
}