@article{c1reiter1987theory,
  title={A theory of diagnosis from first principles},
  author={Reiter, Raymond},
  journal={Artificial intelligence},
  volume={32},
  number={1},
  pages={57--95},
  year={1987},
  publisher={Elsevier}
}

@article{c2greiner1989correction,
	title={A correction to the algorithm in Reiter's theory of diagnosis},
	author={Greiner, Russell and Smith, Barbara A and Wilkerson, Ralph W},
	journal={Artificial Intelligence},
	volume={41},
	number={1},
	pages={79--88},
	year={1989},
	publisher={Elsevier}
}

@article{c3xiaomei,
	title={Method of Computing All Minimal Hitting Set Based on BNB-HSSE},
	author={Xiaomei Chen, Xiaofeng Meng and Renxiao Qiao},
	journal={Chinese Journal of Scientific Instrument},
	volume={31}
	number={1},
	pages={605--608},
	year={2010}
}

@inproceedings{c4wang2010research,
	title={Research on a New Combined Algorithm for Computing Minimal Hitting Sets},
	author={Wang, Ziling and Xu, Aiqiang and Wang, Dingguo and Kong, Li},
	booktitle={2010 International Conference on Measuring Technology and Mechatronics Automation},
	volume={3},
	pages={14--17},
	year={2010},
	organization={IEEE}
}

@inproceedings{c5feng2011method,
	title={A method of combining HSSE-tree and binary label to compute all minimal hitting sets},
	author={Feng, Wenquan and Du, Min and Zhao, Qi and Wang, Dong},
	booktitle={2011 Fourth International Symposium on Computational Intelligence and Design},
	volume={2},
	pages={23--26},
	year={2011},
	organization={IEEE}
}

@inproceedings{c6shi2010exact,
	title={An exact fast algorithm for minimum hitting set},
	author={Shi, Lei and Cai, Xuan},
	booktitle={2010 Third International Joint Conference on Computational Science and Optimization},
	volume={1},
	pages={64--67},
	year={2010},
	organization={IEEE}
}

@article{c7zhang,
	title={Computing the Minimal Hitting Sets Based on Dynamic Maximum Degree},
	author={Liming Zhang, Dantong Ouyang and Hailin Zeng},
	journal={Journal of Computer Research and Development},
	volume={48},
	number={2},
	pages={209--215},
	year={2011}
}

@article{c8,
	title={Minimal Hitting Sets Algorithm of Identifying Masking False Failure Sets Based on DPSO},
	author={Ronghua Jiang, Shulin Tian and Bing Long},
	journal={Systems Engineering and Electronics},
	volume={31},
	number={4},
	pages={997--1001},
	year={2009}
}

@article{c9,
	title={Generation of Minimal Candidate Set for Multiple Fault Diagnosis Based on Binary Particle Swarm Optimization},
	author={Xiaoming Lv, Kaoli Huang and Guangyao Lian},
	journal={Systems Engineering and Electronics},
	volume={34},
	number={5},
	pages={961-965},
	year={2012}
}

@inproceedings{c10,
	title={A low-cost approximate minimal hitting set algorithm and its application to model-based diagnosis},
	author={Abreu, Rui and Van Gemund, Arjan JC},
	booktitle={Eighth Symposium on Abstraction, Reformulation, and Approximation},
	pages={2--8}
	year={2009}
}


@inproceedings{c11,
	title={Imperialist competitive algorithm: an algorithm for optimization inspired by imperialistic competition},
	author={Atashpaz-Gargari, Esmaeil and Lucas, Caro},
	booktitle={2007 IEEE congress on evolutionary computation},
	pages={4661--4667},
	year={2007},
	organization={IEEE}
}

@article{c12,
	title={An imperialist competitive algorithm to schedule of receiving and shipping trucks in cross-docking systems},
	author={Forouharfard, S and Zandieh, M},
	journal={The International Journal of Advanced Manufacturing Technology},
	volume={51},
	number={9-12},
	pages={1179--1193},
	year={2010},
	publisher={Springer}
}

@article{c13,
	title={Optimum design of skeletal structures using imperialist competitive algorithm},
	author={Kaveh, A and Talatahari, S},
	journal={Computers \& structures},
	volume={88},
	number={21-22},
	pages={1220--1229},
	year={2010},
	publisher={Elsevier}
}

@article{c14,
	title={Solving the integrated product mix-outsourcing problem using the imperialist competitive algorithm},
	author={Nazari-Shirkouhi, S and Eivazy, H and Ghodsi, Reza and Rezaie, Kamran and Atashpaz-Gargari, Esmaeil},
	journal={Expert Systems with Applications},
	volume={37},
	number={12},
	pages={7615--7626},
	year={2010},
	publisher={Elsevier}
}

@inproceedings{c15,
	title={Imperialistic competitive algorithm for solving a dynamic cell formation problem with production planning},
	author={Sarayloo, Fatemeh and Tavakkoli-Moghaddam, Reza},
	booktitle={International Conference on Intelligent Computing},
	pages={266--276},
	year={2010},
	organization={Springer}
}

@article{c16,
	title={A solution to the unit commitment problem using imperialistic competition algorithm},
	author={Hadji, Moosa Moghimi and Vahidi, Behrooz},
	journal={IEEE Transactions on Power Systems},
	volume={27},
	number={1},
	pages={117--124},
	year={2011},
	publisher={IEEE}
}

@article{c17,
	title={Balancing of stochastic U-type assembly lines: an imperialist competitive algorithm},
	author={Bagher, M and Zandieh, M and Farsijani, H},
	journal={The International Journal of Advanced Manufacturing Technology},
	volume={54},
	number={1-4},
	pages={271--285},
	year={2011},
	publisher={Springer}
}

@article{c18,
	title={An efficient hybrid algorithm based on modified imperialist competitive algorithm and K-means for data clustering},
	author={Niknam, Taher and Fard, Elahe Taherian and Pourjafarian, Narges and Rousta, Alireza},
	journal={Engineering Applications of Artificial Intelligence},
	volume={24},
	number={2},
	pages={306--317},
	year={2011},
	publisher={Elsevier}
}






